@article{wang2021fighting,
  title={Fighting Gradients with Gradients: Dynamic Defenses against Adversarial Attacks},
  author={Wang, Dequan and Ju, An and Shelhamer, Evan and Wagner, David and Darrell, Trevor},
  journal={arXiv preprint arXiv:2105.08714},
  year={2021},
  howpublished = {\url{https://arxiv.org/pdf/2105.08714}}
}

@misc{sciencedirect2023adversarial,
    title = {Dynamic Autoencoders Against Adversarial Attacks},
    author = {Chabanne, Hervé and Despiegela, Vincent and Gentrica, Stéphane and Guiga, Linda},
    howpublished = {Procedia Computer Science, \url{https://pdf.sciencedirectassets.com/280203/1-s2.0-S1877050923X00040/1-s2.0-S1877050923006397/main.pdf}},
    year = {2023}
}

@misc{autoattack2022,
    title = {Is RobustBench/AutoAttack a suitable Benchmark for Adversarial Robustness?},
    author = {Lorenz, Peter and Straßel, Dominik and Keuper, Margret and Keuper, Janis},
    howpublished = {Association for the Advancement of Artificial Intelligence, \url{xhttps://arxiv.org/pdf/2112.01601}},
    year = {2022},
    eprint = {2405.02764v1},
    archivePrefix = {arXiv},
    primaryClass = {cs.CL}
}

@misc{youtube2024video,
    title = {Ten Years Hence Lecture: Adversarial Attacks on Large Language Models},
    author = {Kolter, Zico},
    year = {2024},
    howpublished = {YouTube, \url{https://www.youtube.com/watch?v=Ih34Ow9mdSY}}
}

@misc{adversarialrobustness2024,
    title = {Assessing Adversarial Robustness of Large Language Models: An Empirical Study},
    author = {Yang, Zeyu and Meng, Zhao and Zheng, Xiaochen and Wattenhofer, Roger},
    year = {2024},
    eprint = {2112.01601},
    archivePrefix = {arXiv},
    primaryClass = {cs.LG},
    howpublished = {\url{https://arxiv.org/html/2405.02764v1}}
}

@inproceedings{meng2020,
    title = {A Geometry-Inspired Attack for Generating Natural Language Adversarial Examples},
    author = {Meng, Zhao and Wattenhofer, Roger},
    booktitle = {Proceedings of the 28th International Conference on Computational Linguistics},
    year = {2020},
    howpublished = {\url{https://aclanthology.org/2020.coling-main.585.pdf}}
}